estenhl@marmadoc.ifi.uio.no.32731:1458041938