@article{extending_reference_assembly_models,
	author={Church, Deanna M. and Schneider, Valeria A. and Steinberg, Karyn Meltz and Schatz, Michael C. and Quinlan, Aaron R., and Chin, Chen-Shan and Kitts, Paul A. and Aken, Bronwen and Marth, Gabor T., and Hoffman, Michael M. and Herrero, Javier and Mendoza, M. Lisandra Zepeda and Durbin, Richard and Flicek, Paul},
	title={Extending reference assembly models},
	year=2015
}

@article{mapping_to_a_reference_genome_structure,
	author={Paten, Benedict and Novak, Adam and Haussler, David},
	title={Mapping to a Reference Genome Structure},
	year=2014
}

@article{building_a_pan-genome_reference_for_a_population,
	author={Nguyen, Ngan and Hickey, Glenn and Zerbino, Daniel R. and Raney, Brian and Earl, Dent and Armstrong, Joel and Kent, W. James and Haussler, David and Paten, Benedict},
	title={Building a Pan-Genome Reference for a Population},
	year=2015
}

@article{improved_genome_inference_in_the_mhc_using_a_population_reference_graph,
	author={Dilthey, Alexander and Cox, Charles and Iqbal, Zamin and Nelson, Matthew R. and McVean, Gil},
	title={Improved genome inference in the MHC using a population reference graph},
	year=2015
}

@article{de_novo_assembly_and_genotyping_of_variants_using_colored_de_bruijn_graphs,
	author={Iqbal, Zamin and Caccamo, Mario and Turner, Isaac and Flicek, Paul and McVean, Gil},
	title={De novo assembly and genotyping of variants using colored de Bruijn graphs},
	year=2012
}

@article{canonical_stable_general_mapping_using_context_schemes,
	author={Novak, Adam and Rosen, Yohei and Haussler, David and Paten, Benedict},
	title={Canonical, Stable, General Mapping using Context Schemes},
	year=2015q
}

@article{suffix_array_of_alignment,
	author={Nal, Joong Chae and Park, Heejin and Lee, Sunho and Hong, Minsung and Lecroq, Thierry and Mouchard, Laurent and Park, Kunsoo},
	title={Suffix Array of Alignment: A Practical Index for Similar Data},
	year=2013
}

@article{simultaneous_alignment_of_short_reads_against_multiple_genomes,
	author={K., Schneeberger and Ossowski, Hagmann J. and S., Ossowski and N.m Warthmann and S., Gesing and O., Kohlbacker and D., Weigel},
	title={Simultaneous alignment of short reads against multiple genomes},
	year=2009
}

@article{splitmem,
	author={Marcus, Shoshana and Lee, Hayan and Schatz, Michael},
	title={SplitMEM: Graphical pan-genome analysis with suffix skips},
	year=2014
}

@article{genome_alignment_with_graph_data_structures,
	author={Kehr, Birte and Trappe, Kathrin and Holtgrewe, Manuel and Reinert, Knut},
	title={Genome alignment with graph data structures: a comparison},
	year=2014
}

@book{introduction_to_bioinformatics,
	author={Lesk, Arthur M.},
	title={Introduction to Bioinformatics},
	year=2014,
	publisher={Oxford University Press}
}

@article{an_eulerian_path_approach_to_dna_fragment_assembly,
	author={Pevzner, PA., Tang H., Waterman MS.},
	title={An eulerian path approach to DNA fragment assembly},
	year=2001
}